@article{rsa,
    author = "Ronald L. Rivest and Adi Shamir and Len Adleman",
    title  = "{A method for obtaining digital signatures and public-key cryptosystems.}",
    journal = "Communications of the ACM",
    volume = 21,
    number = 2,
    pages = "120-126",
    month = oct,
    year = 1978}
    
@techreport{koc,
    author    = "Cetin Kaya Koc",
    title     = "High-speed RSA implementation.",
    institution = "RSA Laboratories",
    year      = "1994",
    %type     = "", 
    %number   = "",
    %address  = "",
    %month    = "",
    %note     = "",
}